@article{deng2022artificial,
  title     = {Artificial intelligence in drug discovery: applications and techniques},
  author    = {Deng, Jianyuan and Yang, Zhibo and Ojima, Iwao and Samaras, Dimitris and Wang, Fusheng},
  journal   = {Briefings in Bioinformatics},
  volume    = {23},
  number    = {1},
  pages     = {bbab430},
  year      = {2022},
  publisher = {Oxford University Press}
}

@article{atanasov2021natural,
  title     = {Natural products in drug discovery: advances and opportunities},
  author    = {Atanasov, Atanas G and Zotchev, Sergey B and Dirsch, Verena M and Supuran, Claudiu T},
  journal   = {Nature reviews Drug discovery},
  volume    = {20},
  number    = {3},
  pages     = {200--216},
  year      = {2021},
  publisher = {Nature Publishing Group}
}

@article{park2022brief,
  title     = {A brief review of machine learning-based bioactive compound research},
  author    = {Park, Jihye and Beck, Bo Ram and Kim, Hoo Hyun and Lee, Sangbum and Kang, Keunsoo},
  journal   = {Applied Sciences},
  volume    = {12},
  number    = {6},
  pages     = {2906},
  year      = {2022},
  publisher = {MDPI}
}

@article{qian2022cat,
  title     = {CAT-CPI: Combining CNN and transformer to learn compound image features for predicting compound-protein interactions},
  author    = {Qian, Ying and Wu, Jian and Zhang, Qian},
  journal   = {Frontiers in Molecular Biosciences},
  volume    = {9},
  pages     = {963912},
  year      = {2022},
  publisher = {Frontiers Media SA}
}

@inproceedings{banegas2024evaluation,
  title        = {Evaluation of Pre-Trained CNN Models for 2D Image-Based Drug Discovery},
  author       = {Banegas-Luna, Antonio Jesus and Bonastre-Egea, Juan},
  booktitle    = {Intelligent Environments 2024: Combined Proceedings of Workshops and Demos \& Videos Session},
  pages        = {124--133},
  year         = {2024},
  organization = {IOS Press}
}

@article{hirohara2018convolutional,
  title     = {Convolutional neural network based on SMILES representation of compounds for detecting chemical motif},
  author    = {Hirohara, Maya and Saito, Yutaka and Koda, Yuki and Sato, Kengo and Sakakibara, Yasubumi},
  journal   = {BMC bioinformatics},
  volume    = {19},
  pages     = {83--94},
  year      = {2018},
  publisher = {Springer}
}

@article{weininger1988smiles,
  title     = {SMILES, a chemical language and information system. 1. Introduction to methodology and encoding rules},
  author    = {Weininger, David},
  journal   = {Journal of chemical information and computer sciences},
  volume    = {28},
  number    = {1},
  pages     = {31--36},
  year      = {1988},
  publisher = {ACS Publications}
}

@article{krizhevsky2012imagenet,
  title   = {Imagenet classification with deep convolutional neural networks},
  author  = {Krizhevsky, Alex and Sutskever, Ilya and Hinton, Geoffrey E},
  journal = {Advances in neural information processing systems},
  volume  = {25},
  year    = {2012}
}

@article{simonyan2014very,
  title   = {Very deep convolutional networks for large-scale image recognition},
  author  = {Simonyan, Karen},
  journal = {arXiv preprint arXiv:1409.1556},
  year    = {2014}
}